<?xml version="1.0" encoding="UTF-8"?><collection xmlns="http://www.loc.gov/MARC21/slim"><record><leader>00493nam--2200181-i-4500</leader><controlfield tag="001">000032445</controlfield><controlfield tag="002">20161230</controlfield><controlfield tag="005">20161230201039</controlfield><controlfield tag="008">060222s1000------------r-----000-0-rum-d</controlfield><datafield ind1=" " ind2=" " tag="040"><subfield code="a">ifin-hh</subfield></datafield><datafield ind1=" " ind2=" " tag="041"><subfield code="a">rum</subfield></datafield><datafield ind1=" " ind2=" " tag="080"><subfield code="a">519.8</subfield></datafield><datafield ind1="1" ind2=" " tag="100"><subfield code="a">Mititelu, Stefan Si Vranceanu, Gh.Gh</subfield></datafield><datafield ind1="1" ind2="0" tag="245"><subfield code="a">Probleme de cercetare operationala</subfield><subfield code="c">Gheorghe gh. vranceanu; stefan mititelu</subfield></datafield><datafield ind1=" " ind2=" " tag="260"><subfield code="a">Bucuresti, Ed.Tehnica, 1978,</subfield></datafield><datafield ind1=" " ind2=" " tag="300"><subfield code="a">383P</subfield></datafield><datafield ind1=" " ind2=" " tag="852"><subfield code="a">45236</subfield><subfield code="c">519.2</subfield></datafield><datafield ind1=" " ind2=" " tag="CAT"><subfield code="a">Sys</subfield><subfield code="c">20100601</subfield><subfield code="h">085707</subfield></datafield></record></collection>